<?xml version="1.0" encoding="UTF-8"?><collection xmlns="http://www.loc.gov/MARC21/slim"><record><leader>00424nam--2200145-i-4500</leader><controlfield tag="001">000005383</controlfield><controlfield tag="002">20161230</controlfield><controlfield tag="005">20170209225421</controlfield><controlfield tag="008">060222s1000------------r-----000-0-eng-d</controlfield><datafield ind1=" " ind2=" " tag="100"><subfield code="a">Busev, A. I</subfield></datafield><datafield ind1=" " ind2=" " tag="245"><subfield code="a">The use of organic reagents in inorganic analysis. Translated form the russian by J.T.Greaves</subfield></datafield><datafield ind1=" " ind2=" " tag="260"><subfield code="a">London</subfield><subfield code="b">Pergamon Press</subfield><subfield code="c">1960</subfield></datafield><datafield ind1=" " ind2=" " tag="300"><subfield code="a">76 p</subfield></datafield><datafield ind1=" " ind2=" " tag="700"><subfield code="a">Polianskii, N. G</subfield></datafield><datafield ind1=" " ind2=" " tag="CAT"><subfield code="a">SYS</subfield><subfield code="c">20170209</subfield><subfield code="h">225421</subfield></datafield></record></collection>